<?xml version="1.0" encoding="UTF-8"?><collection xmlns="http://www.loc.gov/MARC21/slim"><record><leader>00614nam--2200181-i-4500</leader><controlfield tag="001">000004744</controlfield><controlfield tag="002">20161230</controlfield><controlfield tag="005">20161230201026</controlfield><controlfield tag="008">060222s1000------------r-----000-0-fre-d</controlfield><datafield ind1=" " ind2=" " tag="040"><subfield code="a">IFIN-HH</subfield></datafield><datafield ind1=" " ind2=" " tag="041"><subfield code="a">fre</subfield></datafield><datafield ind1=" " ind2=" " tag="080"><subfield code="a">519.211</subfield></datafield><datafield ind1="1" ind2=" " tag="100"><subfield code="a">Borel, Emile</subfield></datafield><datafield ind1="1" ind2="0" tag="245"><subfield code="a">Traite de calcul de probabilites et de ses applications</subfield><subfield code="b">Tome i: les principes de la theorie des probabilites. fasc.i: principes et formules classiques du calcul des probabilites</subfield><subfield code="c">Emile borel</subfield></datafield><datafield ind1=" " ind2=" " tag="260"><subfield code="a">Paris</subfield><subfield code="b">Gauthier-villars Et Cie, Editeurs</subfield><subfield code="c">1925</subfield></datafield><datafield ind1=" " ind2=" " tag="300"><subfield code="a">XIV+161P.,29FIG</subfield></datafield><datafield ind1=" " ind2=" " tag="852"><subfield code="a">44475</subfield><subfield code="c">H.H</subfield></datafield><datafield ind1=" " ind2=" " tag="CAT"><subfield code="a">Sys</subfield><subfield code="c">20130409</subfield><subfield code="h">113855</subfield></datafield></record></collection>